% ML
@article{pang2008opinion,
  author = {Pang, Bo and Lee, Lillian},
  title = {Opinion Mining and Sentiment Analysis},
  journal = {Foundations and Trends in Information Retrieval},
  volume = {2},
  number = {1-2},
  pages = {1--135},
  year = {2008},
  doi = {10.1561/1500000011},
  url = {http://dx.doi.org/10.1561/1500000011}
}

% random forest
@article{pang2002thumbs,
  author = {Pang, Bo and Lee, Lillian and Vaithyanathan, Shivakumar},
  title = {Thumbs up? Sentiment Classification Using Machine Learning Techniques},
  journal = {Proceedings of the ACL-02 Conference on Empirical Methods in Natural Language Processing (EMNLP)},
  year = {2002},
  pages = {79--86},
  url = {https://www.aclweb.org/anthology/W02-1011/}
}
@article{breiman2001random,
  author = {Breiman, Leo},
  title = {Random Forests},
  journal = {Machine Learning},
  volume = {45},
  number = {1},
  year = {2001},
  pages = {5--32},
  doi = {10.1023/A:1010933404324}
}
@techreport{go2009twitter,
  author = {Go, Alec and Bhayani, Richa and Huang, Lei},
  title = {Twitter Sentiment Classification Using Distant Supervision},
  institution = {Stanford University},
  type = {CS224N Project Report},
  year = {2009},
  url = {http://cs.stanford.edu/people/alecmgo/papers/TwitterDistantSupervision09.pdf}
}
@inproceedings{maas2011learning,
  author = {Maas, Andrew L. and Daly, Raymond E. and Pham, Peter T. and Huang, Dan and Ng, Andrew Y. and Potts, Christopher},
  title = {Learning Word Vectors for Sentiment Analysis},
  booktitle = {Proceedings of the 49th Annual Meeting of the Association for Computational Linguistics (ACL)},
  year = {2011},
  pages = {142--150},
  url = {https://aclanthology.org/P11-1015/}
}
@article{kowsari2019text,
  author = {Kowsari, Kamran and Meimandi, Kiana Jafari and Heidarysafa, Mojtaba and Mendu, Sanjana and Barnes, Laura E. and Brown, Donald F.},
  title = {Text Classification Algorithms: A Survey},
  journal = {Information},
  volume = {10},
  number = {4},
  year = {2019},
  pages = {150},
  doi = {10.3390/info10040150}
}

% LSTM
@article{johnson2016supervised,
  author = {Johnson, Rie and Zhang, Tong},
  title = {Supervised and Semi-Supervised Text Categorization Using LSTM for Region Embeddings},
  year = {2016},
  month = {May},
  journal = {arXiv preprint arXiv:1602.02373},
  url = {https://arxiv.org/abs/1602.02373}
}
@inproceedings{sachan2019revisiting,
  author = {Sachan, Devendra Singh and Zaheer, Manzil and Salakhutdinov, Ruslan},
  title = {Revisiting LSTM Networks for Semi-Supervised Text Classification via Mixed Objective Function},
  booktitle = {Proceedings of the AAAI Conference on Artificial Intelligence},
  year = {2019},
  month = {Jul},
  pages = {6940--6948},
  doi = {10.1609/aaai.v33i01.33016940}
}
@inproceedings{sak2014long,
  author = {Sak, Haşim and Senior, Andrew W. and Beaufays, Françoise},
  title = {Long Short-Term Memory Recurrent Neural Network Architectures for Large Scale Acoustic Modeling},
  booktitle = {Proceedings of Interspeech},
  volume = {2014},
  year = {2014},
  pages = {338--342}
}

% bert
@article{Devlin2018,
  author = {Devlin, Jacob and Chang, Ming-Wei and Lee, Kenton and Toutanova, Kristina},
  title = {BERT: Pre-training of Deep Bidirectional Transformers for Language Understanding},
  journal = {arXiv preprint arXiv:1810.04805},
  year = {2018}
}
@article{Sun2019,
  author = {Sun, Chi and Huang, Luyao and Qiu, Xipeng},
  title = {Utilizing BERT for Aspect-Based Sentiment Analysis via Constructing Auxiliary Sentence},
  journal = {arXiv preprint arXiv:1903.09588},
  year = {2019}
}

% dataset
@misc{stanfordnlp2025imdb,
  author = {StanfordNLP},
  title = {IMDb Sentiment Analysis Dataset},
  year = {2025},
  publisher = {Hugging Face},
  howpublished = {\url{https://huggingface.co/datasets/stanfordnlp/imdb}},
  note = {Accessed: 2025-07-02}
}